@book{friedman2001elements,
  title={The elements of statistical learning},
  author={Friedman, Jerome and Hastie, Trevor and Tibshirani, Robert},
  volume={1},
  number={10},
  year={2001},
  publisher={Springer series in statistics New York}
}

@online{Brownlee2018,
url={https://machinelearningmastery.com/dropout-for-regularizing-deep-neural-networks/},
}
@online{l1l2regularization,
url={https://medium.com/datadriveninvestor/l1-l2-regularization-7f1b4fe948f2},
}

@online{WikiLinearRegression,
url={https://en.wikipedia.org/wiki/Linear_regression},
}

@online{WikiPolynomialRegression,
url={https://en.wikipedia.org/wiki/Polynomial_regression},
}

@online{WikiRegularization,
url={https://en.wikipedia.org/wiki/Regularization_(mathematics)},
}

@online{WikiCrossEntropy,
url={https://en.wikipedia.org/wiki/Cross_entropy#Cross-entropy_error_function_and_logistic_regression},
}

@online{WikiMLE,
url={https://en.wikipedia.org/wiki/Maximum_likelihood_estimation},
}

@online{WikiLikelihoodFunction,
url={https://en.wikipedia.org/wiki/Likelihood_function},
}

@online{WikiPosteriorProbability,
url={https://en.wikipedia.org/wiki/Posterior_probability},
}







